<record><leader>00000cas a22000007a 4500</leader><controlfield tag="001">9753176</controlfield><controlfield tag="008">830729d18811897ohuwr ne      0    0eng d</controlfield><datafield ind1=" " ind2=" " tag="010"><subfield code="a">sn 83035372 </subfield></datafield><datafield ind1=" " ind2=" " tag="040"><subfield code="a">NPY</subfield><subfield code="b">eng</subfield><subfield code="c">NPY</subfield><subfield code="d">ONP</subfield><subfield code="d">OCLCQ</subfield></datafield><datafield ind1=" " ind2=" " tag="042"><subfield code="a">msc</subfield></datafield><datafield ind1="0" ind2=" " tag="130"><subfield code="a">Carroll Republican (Carrollton, Ohio)</subfield></datafield><datafield ind1="1" ind2="4" tag="245"><subfield code="a">The Carroll Republican.</subfield></datafield><datafield ind1=" " ind2=" " tag="260"><subfield code="a">Carrollton, Ohio :</subfield><subfield code="b">S.J. Cameron &amp; Co.,</subfield><subfield code="c">1881-1897.</subfield></datafield><datafield ind1=" " ind2=" " tag="300"><subfield code="a">16 v. :</subfield><subfield code="b">ill. ;</subfield><subfield code="c">61-64 cm.</subfield></datafield><datafield ind1=" " ind2=" " tag="310"><subfield code="a">Weekly</subfield></datafield><datafield ind1="0" ind2=" " tag="362"><subfield code="a">Vol. 1, no. 1 (Apr. 21, 1881)-v. 16, no. 41 (Feb. 11, 1897).</subfield></datafield><datafield ind1=" " ind2=" " tag="500"><subfield code="a">"Established ... in the interest of the Republican Party."</subfield></datafield><datafield ind1=" " ind2=" " tag="752"><subfield code="a">United States</subfield><subfield code="b">Ohio</subfield><subfield code="c">Carroll</subfield><subfield code="d">Carrollton.</subfield></datafield><datafield ind1="0" ind2="7" tag="785"><subfield code="t">Sherodsville standard</subfield><subfield code="w">(DLC)sn 83035374</subfield></datafield><datafield ind1="0" ind2="7" tag="785"><subfield code="t">Republican-standard (Carrollton, Ohio)</subfield><subfield code="w">(DLC)sn 83035373</subfield></datafield></record>